<?xml version="1.0" encoding="UTF-8"?><collection xmlns="http://www.loc.gov/MARC21/slim"><record><leader>00412nam--2200133-i-4500</leader><controlfield tag="001">000008889</controlfield><controlfield tag="002">20161230</controlfield><controlfield tag="005">20161230201028</controlfield><controlfield tag="008">060222s1000------------r-----000-0-eng-d</controlfield><datafield ind1=" " ind2=" " tag="100"><subfield code="a">Dieke, Gerhard Heinrich</subfield></datafield><datafield ind1=" " ind2=" " tag="245"><subfield code="a">Spectra and energy levels of rare earth ions in crystals. edited by h.m.crosswhite and hannah crosswhite</subfield></datafield><datafield ind1=" " ind2=" " tag="260"><subfield code="a">New York, Interscience Publ., 1968</subfield></datafield><datafield ind1=" " ind2=" " tag="490"><subfield code="a">Xi+401p</subfield></datafield><datafield ind1=" " ind2=" " tag="852"><subfield code="a">546.65:548</subfield></datafield></record></collection>